<?xml version="1.0" encoding="UTF-8"?><collection xmlns="http://www.loc.gov/MARC21/slim"><record><leader>00312nam--2200121-i-4500</leader><controlfield tag="001">000032384</controlfield><controlfield tag="002">20161230</controlfield><controlfield tag="005">20161230201039</controlfield><controlfield tag="008">060222s1000------------r-----000-0-eng-d</controlfield><datafield ind1=" " ind2=" " tag="080"><subfield code="a">621.37.029.6:621.385.6</subfield></datafield><datafield ind1=" " ind2=" " tag="245"><subfield code="a">Microwave engineer`s handbook</subfield></datafield><datafield ind1=" " ind2=" " tag="260"><subfield code="a">Dedham, Mass.,Artech House, 1971. P.Dif</subfield></datafield><datafield ind1=" " ind2=" " tag="852"><subfield code="a">36474</subfield></datafield></record></collection>